@article{borgerPredictionEnzymeKinetic2006,
  title = {Prediction of Enzyme Kinetic Parameters Based on Statistical Learning},
  author = {Borger, Simon and Liebermeister, Wolfram and Klipp, Edda},
  year = {2006},
  journal = {Genome Informatics},
  volume = {17},
  number = {1},
  pages = {80--87},
  issn = {0919-9454},
  langid = {english},
  keywords = {enzyme parameter,Michaelis-Menten constant,regression model,statistical 
learning},
  file = {/Users/tedgro/Reading/Zotero/storage/UCU9BYNR/Borger et al. - 2006 - Prediction of enzyme kinetic parameters based on s.pdf},
}